<?xml version="1.0" encoding="UTF-8"?><record xmlns="http://www.loc.gov/MARC21/slim" xmlns:cinclude="http://apache.org/cocoon/include/1.0" xmlns:zs="http://www.loc.gov/zing/srw/">
  <leader>00419cz  a2200133n  4500</leader>
  <controlfield tag="001">n 2002101070</controlfield>
  <controlfield tag="003">DLC</controlfield>
  <controlfield tag="005">20050721102940.0</controlfield>
  <controlfield tag="008">020506n| acannaabn          |a aaa      </controlfield>
  <datafield tag="010" ind1=" " ind2=" ">
    <subfield code="a">n 2002101070</subfield>
  </datafield>
  <datafield tag="040" ind1=" " ind2=" ">
    <subfield code="a">DLC</subfield>
    <subfield code="b">eng</subfield>
    <subfield code="c">DLC</subfield>
  </datafield>
  <datafield tag="100" ind1="1" ind2=" ">
    <subfield code="a">Heckmair, Anderl.</subfield>
    <subfield code="t">Mein Leben als Bergsteiger.</subfield>
    <subfield code="l">English</subfield>
  </datafield>
  <datafield tag="400" ind1="1" ind2=" ">
    <subfield code="a">Heckmair, Anderl.</subfield>
    <subfield code="t">My life as a mountaineer</subfield>
  </datafield>
  <datafield tag="670" ind1=" " ind2=" ">
    <subfield code="a">Deutsche Bibliothek, May 6, 2002</subfield>
    <subfield code="b">(Mein Leben als Bergsteiger)</subfield>
  </datafield>
</record>